{
  "leader": "05062cam a2200721 a 4500",
  "fields": [
    {
      "001": "ocm54543908\\"
    },
    {
      "003": "OCoLC"
    },
    {
      "005": "20220105111102.0"
    },
    {
      "008": "040301s2004\\\\\\\\nyuaf\\\\\\\\b\\\\\\\\001\\0deng\\\\"
    },
    {
      "006": "m\\\\\\\\\\\\\\\\d\\\\\\\\\\\\\\\\"
    },
    {
      "007": "cr\\unu|uuuuu||"
    },
    {
      "010": {
        "ind1": "\\",
        "ind2": "\\",
        "subfields": [
          {
            "a": "  2004045294"
          }
        ]
      }
    },
    {
      "040": {
        "ind1": "\\",
        "ind2": "\\",
        "subfields": [
          {
            "a": "DLC"
          },
          {
            "b": "eng"
          },
          {
            "c": "DLC"
          },
          {
            "d": "IBS"
          },
          {
            "d": "OCL"
          },
          {
            "d": "BAKER"
          },
          {
            "d": "NLGGC"
          },
          {
            "d": "MUQ"
          },
          {
            "d": "BTCTA"
          },
          {
            "d": "YDXCP"
          },
          {
            "d": "OCLCQ"
          },
          {
            "d": "OCLCG"
          },
          {
            "d": "TEX"
          },
          {
            "d": "TMI"
          },
          {
            "d": "HEBIS"
          },
          {
            "d": "OCLCQ"
          },
          {
            "d": "ILU"
          },
          {
            "d": "BDX"
          },
          {
            "d": "OCLCF"
          },
          {
            "d": "OCLCQ"
          },
          {
            "d": "OCLCO"
          },
          {
            "d": "OCL"
          },
          {
            "d": "OCLCQ"
          },
          {
            "d": "OCLCA"
          },
          {
            "d": "MUX"
          },
          {
            "d": "OCLCA"
          },
          {
            "d": "NAM"
          },
          {
            "d": "BUB"
          },
          {
            "d": "PBF"
          },
          {
            "d": "OCLCO"
          },
          {
            "d": "CEF"
          },
          {
            "d": "BGU"
          },
          {
            "d": "UKMGB"
          },
          {
            "d": "OCLCA"
          },
          {
            "d": "CSA"
          },
          {
            "d": "OCLCQ"
          },
          {
            "d": "XFF"
          },
          {
            "d": "OCLCQ"
          },
          {
            "d": "OCLCO"
          },
          {
            "d": "UKNRU"
          },
          {
            "d": "FCL"
          },
          {
            "d": "CZL"
          },
          {
            "d": "ZD0"
          },
          {
            "d": "OCLCO"
          }
        ]
      }
    },
    {
      "016": {
        "ind1": "7",
        "ind2": "\\",
        "subfields": [
          {
            "a": "012993174"
          },
          {
            "2": "Uk"
          }
        ]
      }
    },
    {
      "019": {
        "ind1": "\\",
        "ind2": "\\",
        "subfields": [
          {
            "a": "150362780"
          },
          {
            "a": "1049765513"
          },
          {
            "a": "1051620956"
          },
          {
            "a": "1052799514"
          },
          {
            "a": "1054121055"
          },
          {
            "a": "1054960034"
          },
          {
            "a": "1055594259"
          },
          {
            "a": "1056296854"
          },
          {
            "a": "1077887127"
          },
          {
            "a": "1080180452"
          },
          {
            "a": "1081061932"
          },
          {
            "a": "1082454138"
          },
          {
            "a": "1083387211"
          },
          {
            "a": "1086254168"
          },
          {
            "a": "1089248935"
          },
          {
            "a": "1149179169"
          },
          {
            "a": "1153428318"
          },
          {
            "a": "1154539317"
          },
          {
            "a": "1155321732"
          },
          {
            "a": "1161030538"
          },
          {
            "a": "1169215211"
          },
          {
            "a": "1181738549"
          },
          {
            "a": "1251862703"
          },
          {
            "a": "1261268963"
          },
          {
            "a": "1262019216"
          },
          {
            "a": "1270079227"
          },
          {
            "a": "1270592459"
          },
          {
            "a": "1290261658"
          }
        ]
      }
    },
    {
      "020": {
        "ind1": "\\",
        "ind2": "\\",
        "subfields": [
          {
            "a": "0791461696"
          },
          {
            "q": "(alk. paper)"
          }
        ]
      }
    },
    {
      "020": {
        "ind1": "\\",
        "ind2": "\\",
        "subfields": [
          {
            "a": "9780791461693"
          },
          {
            "q": "(alk. paper)"
          }
        ]
      }
    },
    {
      "020": {
        "ind1": "\\",
        "ind2": "\\",
        "subfields": [
          {
            "a": "9780791461709"
          },
          {
            "q": "(pbk.)"
          }
        ]
      }
    },
    {
      "020": {
        "ind1": "\\",
        "ind2": "\\",
        "subfields": [
          {
            "a": "079146170X"
          },
          {
            "q": "(pbk.)"
          }
        ]
      }
    },
    {
      "035": {
        "ind1": "\\",
        "ind2": "\\",
        "subfields": [
          {
            "a": "(OCoLC)54543908"
          },
          {
            "z": "(OCoLC)150362780"
          },
          {
            "z": "(OCoLC)1049765513"
          },
          {
            "z": "(OCoLC)1051620956"
          },
          {
            "z": "(OCoLC)1052799514"
          },
          {
            "z": "(OCoLC)1054121055"
          },
          {
            "z": "(OCoLC)1054960034"
          },
          {
            "z": "(OCoLC)1055594259"
          },
          {
            "z": "(OCoLC)1056296854"
          },
          {
            "z": "(OCoLC)1077887127"
          },
          {
            "z": "(OCoLC)1080180452"
          },
          {
            "z": "(OCoLC)1081061932"
          },
          {
            "z": "(OCoLC)1082454138"
          },
          {
            "z": "(OCoLC)1083387211"
          },
          {
            "z": "(OCoLC)1086254168"
          },
          {
            "z": "(OCoLC)1089248935"
          },
          {
            "z": "(OCoLC)1149179169"
          },
          {
            "z": "(OCoLC)1153428318"
          },
          {
            "z": "(OCoLC)1154539317"
          },
          {
            "z": "(OCoLC)1155321732"
          },
          {
            "z": "(OCoLC)1161030538"
          },
          {
            "z": "(OCoLC)1169215211"
          },
          {
            "z": "(OCoLC)1181738549"
          },
          {
            "z": "(OCoLC)1251862703"
          },
          {
            "z": "(OCoLC)1261268963"
          },
          {
            "z": "(OCoLC)1262019216"
          },
          {
            "z": "(OCoLC)1270079227"
          },
          {
            "z": "(OCoLC)1270592459"
          },
          {
            "z": "(OCoLC)1290261658"
          }
        ]
      }
    },
    {
      "043": {
        "ind1": "\\",
        "ind2": "\\",
        "subfields": [
          {
            "a": "n-us---"
          },
          {
            "a": "n-us-ma"
          },
          {
            "a": "n-us-tx"
          }
        ]
      }
    },
    {
      "050": {
        "ind1": "0",
        "ind2": "0",
        "subfields": [
          {
            "a": "E841"
          },
          {
            "b": ".S28 2004"
          }
        ]
      }
    },
    {
      "072": {
        "ind1": "\\",
        "ind2": "7",
        "subfields": [
          {
            "a": "po"
          },
          {
            "2": "SzZuIDS BS/BE"
          }
        ]
      }
    },
    {
      "082": {
        "ind1": "0",
        "ind2": "4",
        "subfields": [
          {
            "a": "324.2736"
          },
          {
            "b": "SAV"
          }
        ]
      }
    },
    {
      "100": {
        "ind1": "1",
        "ind2": "\\",
        "subfields": [
          {
            "a": "Savage, Sean J.,"
          },
          {
            "d": "1964-"
          }
        ]
      }
    },
    {
      "245": {
        "ind1": "1",
        "ind2": "0",
        "subfields": [
          {
            "a": "JFK, LBJ, and the Democratic Party /"
          },
          {
            "c": "Sean J. Savage."
          }
        ]
      }
    },
    {
      "260": {
        "ind1": "\\",
        "ind2": "\\",
        "subfields": [
          {
            "a": "Albany :"
          },
          {
            "b": "State University of New York Press,"
          },
          {
            "c": "\u00a92004."
          }
        ]
      }
    },
    {
      "300": {
        "ind1": "\\",
        "ind2": "\\",
        "subfields": [
          {
            "a": "ix, 429 pages, 24 unnumbered leaves of plates :"
          },
          {
            "b": "illustrations ;"
          },
          {
            "c": "24 cm."
          }
        ]
      }
    },
    {
      "336": {
        "ind1": "\\",
        "ind2": "\\",
        "subfields": [
          {
            "a": "text"
          },
          {
            "b": "txt"
          },
          {
            "2": "rdacontent"
          }
        ]
      }
    },
    {
      "337": {
        "ind1": "\\",
        "ind2": "\\",
        "subfields": [
          {
            "a": "unmediated"
          },
          {
            "b": "n"
          },
          {
            "2": "rdamedia"
          }
        ]
      }
    },
    {
      "338": {
        "ind1": "\\",
        "ind2": "\\",
        "subfields": [
          {
            "a": "volume"
          },
          {
            "b": "nc"
          },
          {
            "2": "rdacarrier"
          }
        ]
      }
    },
    {
      "490": {
        "ind1": "1",
        "ind2": "\\",
        "subfields": [
          {
            "a": "SUNY series on the presidency"
          }
        ]
      }
    },
    {
      "504": {
        "ind1": "\\",
        "ind2": "\\",
        "subfields": [
          {
            "a": "Includes bibliographical references (pages 405-412) and index."
          }
        ]
      }
    },
    {
      "505": {
        "ind1": "0",
        "ind2": "\\",
        "subfields": [
          {
            "a": "JFK and his party -- LBJ and his party -- The 1960 election : rivals and allies -- The party politics of public policy -- JFK, LBJ, and the DNC -- The politics of consensus : 1962-1964 -- The politics of dissensus : 1966-1968."
          }
        ]
      }
    },
    {
      "520": {
        "ind1": "1",
        "ind2": "\\",
        "subfields": [
          {
            "a": "\"JFK, LBJ, and the Democratic Party is a detailed, comprehensive, and provocative account of presidential party leadership in the turbulent 1960s. Using many primary sources, including resources from presidential libraries, state and national archival material, public opinion polls, and numerous interviews, Sean J. Savage reveals for the first time the influence of Presidents John F. Kennedy and Lyndon B. Johnson on the chairmanship, operations, structure, and finances of the Democratic National Committee. Savage further enriches his account with telephone conversations recently released from the Kennedy and Johnson presidential libraries, along with rare photos of JFK and LBJ.\"--Jacket."
          }
        ]
      }
    },
    {
      "600": {
        "ind1": "1",
        "ind2": "0",
        "subfields": [
          {
            "a": "Kennedy, John F."
          },
          {
            "q": "(John Fitzgerald),"
          },
          {
            "d": "1917-1963."
          }
        ]
      }
    },
    {
      "600": {
        "ind1": "1",
        "ind2": "0",
        "subfields": [
          {
            "a": "Johnson, Lyndon B."
          },
          {
            "q": "(Lyndon Baines),"
          },
          {
            "d": "1908-1973."
          }
        ]
      }
    },
    {
      "610": {
        "ind1": "2",
        "ind2": "0",
        "subfields": [
          {
            "a": "Democratic Party (U.S.)"
          },
          {
            "x": "History"
          },
          {
            "y": "20th century."
          }
        ]
      }
    },
    {
      "600": {
        "ind1": "1",
        "ind2": "7",
        "subfields": [
          {
            "a": "Johnson, Lyndon B."
          },
          {
            "q": "(Lyndon Baines),"
          },
          {
            "d": "1908-1973."
          },
          {
            "2": "fast"
          },
          {
            "0": "(OCoLC)fst00048810"
          }
        ]
      }
    },
    {
      "600": {
        "ind1": "1",
        "ind2": "7",
        "subfields": [
          {
            "a": "Kennedy, John F."
          },
          {
            "q": "(John Fitzgerald),"
          },
          {
            "d": "1917-1963."
          },
          {
            "2": "fast"
          },
          {
            "0": "(OCoLC)fst00035588"
          }
        ]
      }
    },
    {
      "610": {
        "ind1": "2",
        "ind2": "7",
        "subfields": [
          {
            "a": "Democratic Party (U.S.)"
          },
          {
            "2": "fast"
          },
          {
            "0": "(OCoLC)fst00532710"
          }
        ]
      }
    },
    {
      "651": {
        "ind1": "\\",
        "ind2": "0",
        "subfields": [
          {
            "a": "United States"
          },
          {
            "x": "Politics and government"
          },
          {
            "y": "1961-1963."
          }
        ]
      }
    },
    {
      "651": {
        "ind1": "\\",
        "ind2": "0",
        "subfields": [
          {
            "a": "United States"
          },
          {
            "x": "Politics and government"
          },
          {
            "y": "1963-1969."
          }
        ]
      }
    },
    {
      "650": {
        "ind1": "\\",
        "ind2": "0",
        "subfields": [
          {
            "a": "Political culture"
          },
          {
            "z": "United States"
          },
          {
            "x": "History"
          },
          {
            "y": "20th century."
          }
        ]
      }
    },
    {
      "651": {
        "ind1": "\\",
        "ind2": "0",
        "subfields": [
          {
            "a": "Massachusetts"
          },
          {
            "x": "Politics and government"
          },
          {
            "y": "1951-"
          }
        ]
      }
    },
    {
      "651": {
        "ind1": "\\",
        "ind2": "0",
        "subfields": [
          {
            "a": "Texas"
          },
          {
            "x": "Politics and government"
          },
          {
            "y": "1951-"
          }
        ]
      }
    },
    {
      "650": {
        "ind1": "\\",
        "ind2": "0",
        "subfields": [
          {
            "a": "Political culture"
          },
          {
            "z": "Massachusetts"
          },
          {
            "x": "History"
          },
          {
            "y": "20th century."
          }
        ]
      }
    },
    {
      "650": {
        "ind1": "\\",
        "ind2": "0",
        "subfields": [
          {
            "a": "Political culture"
          },
          {
            "z": "Texas"
          },
          {
            "x": "History"
          },
          {
            "y": "20th century."
          }
        ]
      }
    },
    {
      "650": {
        "ind1": "\\",
        "ind2": "7",
        "subfields": [
          {
            "a": "Political culture."
          },
          {
            "2": "fast"
          },
          {
            "0": "(OCoLC)fst01069263"
          }
        ]
      }
    },
    {
      "650": {
        "ind1": "\\",
        "ind2": "7",
        "subfields": [
          {
            "a": "Politics and government"
          },
          {
            "2": "fast"
          },
          {
            "0": "(OCoLC)fst01919741"
          }
        ]
      }
    },
    {
      "651": {
        "ind1": "\\",
        "ind2": "7",
        "subfields": [
          {
            "a": "Massachusetts."
          },
          {
            "2": "fast"
          },
          {
            "0": "(OCoLC)fst01204307"
          }
        ]
      }
    },
    {
      "651": {
        "ind1": "\\",
        "ind2": "7",
        "subfields": [
          {
            "a": "Texas."
          },
          {
            "2": "fast"
          },
          {
            "0": "(OCoLC)fst01210336"
          }
        ]
      }
    },
    {
      "651": {
        "ind1": "\\",
        "ind2": "7",
        "subfields": [
          {
            "a": "United States."
          },
          {
            "2": "fast"
          },
          {
            "0": "(OCoLC)fst01204155"
          }
        ]
      }
    },
    {
      "648": {
        "ind1": "\\",
        "ind2": "7",
        "subfields": [
          {
            "a": "Since 1900"
          },
          {
            "2": "fast"
          }
        ]
      }
    },
    {
      "655": {
        "ind1": "\\",
        "ind2": "7",
        "subfields": [
          {
            "a": "History."
          },
          {
            "2": "fast"
          },
          {
            "0": "(OCoLC)fst01411628"
          }
        ]
      }
    },
    {
      "830": {
        "ind1": "\\",
        "ind2": "0",
        "subfields": [
          {
            "a": "SUNY series on the presidency."
          }
        ]
      }
    },
    {
      "856": {
        "ind1": "4",
        "ind2": "1",
        "subfields": [
          {
            "3": "Table of contents"
          },
          {
            "u": "http://catdir.loc.gov/catdir/toc/fy051/2004045294.html"
          }
        ]
      }
    },
    {
      "856": {
        "ind1": "4",
        "ind2": "1",
        "subfields": [
          {
            "z": "Table of contents"
          },
          {
            "u": "http://catdir.loc.gov/catdir/toc/fy051/2004045294.html"
          }
        ]
      }
    },
    {
      "856": {
        "ind1": "4",
        "ind2": "1",
        "subfields": [
          {
            "u": "http://catdir.loc.gov/catdir/toc/fy051/2004045294.html"
          },
          {
            "z": "Table of contents"
          }
        ]
      }
    },
    {
      "856": {
        "ind1": "4",
        "ind2": "1",
        "subfields": [
          {
            "u": "http://libaccess.mcmaster.ca/login?url=http://catdir.loc.gov/catdir/toc/fy051/2004045294.html"
          },
          {
            "z": "Table of contents"
          }
        ]
      }
    },
    {
      "994": {
        "ind1": "\\",
        "ind2": "\\",
        "subfields": [
          {
            "a": "Z0"
          },
          {
            "b": "NYRVC"
          }
        ]
      }
    },
    {
      "948": {
        "ind1": "\\",
        "ind2": "\\",
        "subfields": [
          {
            "h": "NO HOLDINGS IN NYRVC - 842 OTHER HOLDINGS"
          }
        ]
      }
    },
    {
      "999": {
        "ind1": "\\",
        "ind2": "\\",
        "subfields": [
          {
            "a": "00000000014383"
          }
        ]
      }
    }
  ]
}